@article{Wahbe:1993:ESF:173668.168635,
 author = {Wahbe, Robert and Lucco, Steven and Anderson, Thomas E. and Graham, Susan L.},
 title = {Efficient Software-based Fault Isolation},
 journal = {SIGOPS Oper. Syst. Rev.},
 issue_date = {1993},
 volume = {27},
 number = {5},
 year = {1993},
 issn = {0163-5980},
 pages = {203--216},
 numpages = {14},
 url = {http://doi.acm.org/10.1145/173668.168635},
 doi = {10.1145/173668.168635},
 acmid = {168635},
 publisher = {ACM},
 address = {New York, NY, USA},
}

@article{Abadi:2009:CIP:1609956.1609960,
 author = {Abadi, Mart\'{\i}n and Budiu, Mihai and Erlingsson, \'{U}lfar and Ligatti, Jay},
 title = {Control-flow Integrity Principles, Implementations, and Applications},
 journal = {ACM Trans. Inf. Syst. Secur.},
 issue_date = {2009},
 volume = {13},
 number = {1},
 year = {2009},
 issn = {1094-9224},
 pages = {4:1--4:40},
 articleno = {4},
 numpages = {40},
 url = {http://doi.acm.org/10.1145/1609956.1609960},
 doi = {10.1145/1609956.1609960},
 acmid = {1609960},
 publisher = {ACM},
 keywords = {Binary rewriting, control-flow graph, inlined reference monitors, vulnerabilities},
} 


@article{Yee:2010:NCS:1629175.1629203,
 author = {Yee, Bennet and Sehr, David and Dardyk, Gregory and Chen, J. Bradley and Muth, Robert and Ormandy, Tavis and Okasaka, Shiki and Narula, Neha and Fullagar, Nicholas},
 title = {Native Client: A Sandbox for Portable, Untrusted x86 Native Code},
 journal = {Commun. ACM},
 issue_date = {2010},
 volume = {53},
 number = {1},
 year = {2010},
 issn = {0001-0782},
 pages = {91--99},
 numpages = {9},
 url = {http://doi.acm.org/10.1145/1629175.1629203},
 doi = {10.1145/1629175.1629203},
 acmid = {1629203},
 publisher = {ACM},
 address = {New York, NY, USA},
}

@INPROCEEDINGS{Mccamant_evaluatingsfi,
    author = {Stephen Mccamant and Greg Morrisett},
    title = {Evaluating {SFI} for a {CISC} architecture},
    booktitle = {In 15th USENIX Security Symposium (2006)},
    year = {},
    pages = {209--224}
}

@inproceedings{Kroll:2014:PSF:2708449.2708686,
 author = {Kroll, Joshua A. and Stewart, Gordon and Appel, Andrew W.},
 title = {Portable Software Fault Isolation},
 booktitle = {Proceedings of the 2014 IEEE 27th Computer Security Foundations Symposium},
 series = {CSF '14},
 year = {2014},
 isbn = {978-1-4799-4290-9},
 pages = {18--32},
 numpages = {15},
 url = {http://dx.doi.org/10.1109/CSF.2014.10},
 doi = {10.1109/CSF.2014.10},
 acmid = {2708686},
 publisher = {IEEE Computer Society},
 keywords = {Software Fault Isolation, Memory Safety, Verified Compilers, Architecture Portability},
} 


@article{Leroy:2009:FVR:1538788.1538814,
 author = {Leroy, Xavier},
 title = {Formal Verification of a Realistic Compiler},
 journal = {Commun. ACM},
 issue_date = {July 2009},
 volume = {52},
 number = {7},
 year = {2009},
 issn = {0001-0782},
 pages = {107--115},
 numpages = {9},
 url = {http://doi.acm.org/10.1145/1538788.1538814},
 doi = {10.1145/1538788.1538814},
 acmid = {1538814},
 publisher = {ACM},
 address = {New York, NY, USA},
}

@inproceedings{Sehr:2010:ASF:1929820.1929822,
 author = {Sehr, David and Muth, Robert and Biffle, Cliff and Khimenko, Victor and Pasko, Egor and Schimpf, Karl and Yee, Bennet and Chen, Brad},
 title = {Adapting Software Fault Isolation to Contemporary CPU Architectures},
 booktitle = {Proceedings of the 19th USENIX Conference on Security},
 series = {USENIX Security'10},
 year = {2010},
 isbn = {888-7-6666-5555-4},
 location = {Washington, DC},
 pages = {1--1},
 numpages = {1},
 url = {http://dl.acm.org/citation.cfm?id=1929820.1929822},
 acmid = {1929822},
 publisher = {USENIX Association},
} 

@incollection{compCert_memory_model,
year={2015},
isbn={978-3-319-22101-4},
booktitle={Interactive Theorem Proving},
volume={9236},
series={Lecture Notes in Computer Science},
editor={Urban, Christian and Zhang, Xingyuan},
doi={10.1007/978-3-319-22102-1_5},
title={A Concrete Memory Model for CompCert},
url={http://dx.doi.org/10.1007/978-3-319-22102-1_5},
publisher={Springer International Publishing},
author={Besson, Frédéric and Blazy, Sandrine and Wilke, Pierre},
pages={67-83},
language={English}
}

@article{Abadi:2009:CIP:1609956.1609960,
 author = {Abadi, Mart\'{\i}n and Budiu, Mihai and Erlingsson, \'{U}lfar and Ligatti, Jay},
 title = {Control-flow Integrity Principles, Implementations, and Applications},
 journal = {ACM Trans. Inf. Syst. Secur.},
 issue_date = {2009},
 volume = {13},
 number = {1},
 year = {2009},
 issn = {1094-9224},
 pages = {4:1--4:40},
 articleno = {4},
 numpages = {40},
 url = {http://doi.acm.org/10.1145/1609956.1609960},
 doi = {10.1145/1609956.1609960},
 acmid = {1609960},
 publisher = {ACM},
 address = {New York, NY, USA},
 keywords = {Binary rewriting, control-flow graph, inlined reference monitors, vulnerabilities},
} 

@article{Ansel:2011:LSJ:1993316.1993540,
 author = {Ansel, Jason and Marchenko, Petr and Erlingsson, \'{U}lfar and Taylor, Elijah and Chen, Brad and Schuff, Derek L. and Sehr, David and Biffle, Cliff L. and Yee, Bennet},
 title = {Language-independent Sandboxing of Just-in-time Compilation and Self-modifying Code},
 journal = {SIGPLAN Not.},
 issue_date = {2011},
 volume = {46},
 number = {6},
 year = {2011},
 issn = {0362-1340},
 pages = {355--366},
 numpages = {12},
 url = {http://doi.acm.org/10.1145/1993316.1993540},
 doi = {10.1145/1993316.1993540},
 acmid = {1993540},
 publisher = {ACM},
 address = {New York, NY, USA},
 keywords = {just-in-time compilation, sandboxing, security, self-modifying code, software fault isolation},
}

@inproceedings{Zeng:2011:CCI:2046707.2046713,
 author = {Zeng, Bin and Tan, Gang and Morrisett, Greg},
 title = {Combining Control-flow Integrity and Static Analysis for Efficient and Validated Data Sandboxing},
 booktitle = {Proceedings of the 18th ACM Conference on Computer and Communications Security},
 series = {CCS '11},
 year = {2011},
 isbn = {978-1-4503-0948-6},
 location = {Chicago, Illinois, USA},
 pages = {29--40},
 numpages = {12},
 url = {http://doi.acm.org/10.1145/2046707.2046713},
 doi = {10.1145/2046707.2046713},
 acmid = {2046713},
 publisher = {ACM},
 keywords = {binary rewriting, control-flow integrity, inlined reference monitors, static analysis},
} 

